<?xml version="1.0" encoding="UTF-8"?><collection xmlns="http://www.loc.gov/MARC21/slim"><record><leader>00519nam--2200193-u-4500</leader><controlfield tag="001">000054936</controlfield><controlfield tag="002">20161230</controlfield><controlfield tag="005">20161230201051</controlfield><controlfield tag="008">120706s1000------------r-----000-0-rus-d</controlfield><datafield ind1=" " ind2=" " tag="040"><subfield code="a">IFIN-HH</subfield></datafield><datafield ind1=" " ind2=" " tag="041"><subfield code="a">rus</subfield></datafield><datafield ind1=" " ind2=" " tag="080"><subfield code="a">539.184:535.338</subfield></datafield><datafield ind1="1" ind2=" " tag="100"><subfield code="a">Striganov, A.R</subfield></datafield><datafield ind1="1" ind2="0" tag="245"><subfield code="a">Tabliti spektralnih linii atomov i ionov</subfield><subfield code="b">Spravoceinuk</subfield><subfield code="c">A.r. striganov, g.a. odintova</subfield></datafield><datafield ind1=" " ind2=" " tag="260"><subfield code="a">Moskva</subfield><subfield code="b">Energoizdat</subfield><subfield code="c">1982</subfield></datafield><datafield ind1=" " ind2=" " tag="300"><subfield code="a">312P</subfield></datafield><datafield ind1="1" ind2=" " tag="700"><subfield code="a">Odintova, G.A</subfield></datafield><datafield ind1=" " ind2=" " tag="852"><subfield code="a">70508</subfield><subfield code="c">539.18</subfield></datafield><datafield ind1=" " ind2=" " tag="CAT"><subfield code="a">Sys</subfield><subfield code="c">20120706</subfield><subfield code="h">134655</subfield></datafield></record></collection>